<record><leader>00000cas a22000007a 4500</leader><controlfield tag="001">17472351</controlfield><controlfield tag="008">880213d19641968nyuwr ne      0    0eng d</controlfield><datafield ind1=" " ind2=" " tag="010"><subfield code="a">sn 88074089 </subfield></datafield><datafield ind1=" " ind2=" " tag="040"><subfield code="a">NYS</subfield><subfield code="b">eng</subfield><subfield code="c">NYS</subfield><subfield code="d">NYG</subfield><subfield code="d">NYS</subfield><subfield code="d">OCLCQ</subfield><subfield code="d">NYG</subfield><subfield code="d">OCLCQ</subfield></datafield><datafield ind1=" " ind2=" " tag="042"><subfield code="a">msc</subfield></datafield><datafield ind1="0" ind2="0" tag="245"><subfield code="a">Latham-Colonie news.</subfield></datafield><datafield ind1=" " ind2=" " tag="260"><subfield code="a">Latham, N.Y. :</subfield><subfield code="b">C.H. Grose</subfield></datafield><datafield ind1=" " ind2=" " tag="300"><subfield code="a">v.</subfield></datafield><datafield ind1=" " ind2=" " tag="310"><subfield code="a">Weekly,</subfield><subfield code="b">May 26, 1966-</subfield></datafield><datafield ind1=" " ind2=" " tag="321"><subfield code="a">Biweekly,</subfield><subfield code="b">Aug. 13-Sept 10, 1964</subfield></datafield><datafield ind1=" " ind2=" " tag="321"><subfield code="a">Weekly,</subfield><subfield code="b">Sept. 17, 1964-Nov. 11, 1965</subfield></datafield><datafield ind1=" " ind2=" " tag="321"><subfield code="a">Biweekly,</subfield><subfield code="b">Nov. 25, 1965-May 12, 1966</subfield></datafield><datafield ind1="0" ind2=" " tag="362"><subfield code="a">Vol. 12, no. 15 (Aug. 13, 1964)-v. 17, no. 16 (July 18, 1968).</subfield></datafield><datafield ind1=" " ind2=" " tag="500"><subfield code="a">"Full suburbia coverage for northern Albany and southern Saratoga Counties."</subfield></datafield><datafield ind1=" " ind2=" " tag="500"><subfield code="a">Published classified supplements with the same title; in 1967 the supplement was titled: The Peach.</subfield></datafield><datafield ind1=" " ind2="4" tag="651"><subfield code="a">Colonie (N.Y.)</subfield><subfield code="v">Newspapers.</subfield></datafield><datafield ind1=" " ind2="4" tag="651"><subfield code="a">Latham (N.Y.)</subfield><subfield code="x">Newspspers.</subfield></datafield><datafield ind1=" " ind2=" " tag="752"><subfield code="a">United States</subfield><subfield code="b">New York</subfield><subfield code="c">Albany</subfield><subfield code="d">Colonie.</subfield></datafield><datafield ind1=" " ind2=" " tag="752"><subfield code="a">United States</subfield><subfield code="b">New York</subfield><subfield code="c">Albany</subfield><subfield code="d">Latham.</subfield></datafield><datafield ind1="0" ind2="0" tag="780"><subfield code="t">Latham-Colonie news and shopper</subfield><subfield code="w">(DLC)sn 88074198</subfield><subfield code="w">(OCoLC)17883077</subfield></datafield><datafield ind1="0" ind2="7" tag="785"><subfield code="t">Suburban weekly</subfield><subfield code="w">(DLC)sn 88074440</subfield><subfield code="w">(OCoLC)18035887</subfield></datafield><datafield ind1="0" ind2="7" tag="785"><subfield code="t">Suburban journal (Latham, N.Y.)</subfield><subfield code="w">(DLC)sn 88074131</subfield></datafield><datafield ind1="1" ind2=" " tag="029"><subfield code="a">AU@</subfield><subfield code="b">000025830056</subfield></datafield></record>